# Fichero de bibliografía (escribir en UTF-8)
@Manual{Luque2017,
  title = {Escribir un Trabajo Fin de Estudios con R Markdown},
  author = {Pedro L. Luque-Calvo},
  year = "2017",
  howpublished = {Disponible en \url{http://destio.us.es/calvo}}
}

@Manual{Luque2019,
  title = {Cómo crear Tablas de información en R Markdown},
  author = {Pedro L. Luque-Calvo},
  year = "2019",
  howpublished = {Disponible en \url{http://destio.us.es/calvo}}
}

@Manual{R-base,
  title = {R: A Language and Environment for Statistical 
    Computing},
  author = {R Core Team},
  organization = {R Foundation for Statistical Computing},
  address = {Vienna, Austria},
  year = {2016},
  url = {https://www.R-project.org/},
}

@Manual{MestaTFG,
  title = {Técnicas estadísticas en predicción de la demanda en el sector comercio},
  author = {Andrea Mesta Carmona},
  organization = {Facultad de Matemáticas, Universidad de Sevilla},
  year = {2021},
}


@Misc{DefSectorRetail,
  title = {Sector retail},
  author = {Francisco Coll Morales},
  howpublished = {Disponible en \url{https://economipedia.com/definiciones/sector-retail.html#:~:text=El%20sector%20retail%2C%20o%20comercio,comerciantes%20de%20un%20determinado%20lugar.}}
}


## Series temporales 

@Manual{ST_Apuntes,
  title = {Apuntes de la asignatura Series Temporales},
  author = {M. Dolores Jiménez Gamero},
  year = {2021},
}


@article{ST_Art,
author = {Corres, Guillermo and Esteban, Alejandra and García, Juan and Zárate, Claudia},
year = {2009},
month = {01},
title = {ANÁLISIS DE SERIES TEMPORALES TIME SERIES ANALYSIS},
  howpublished = {Disponible en \url{https://economipedia.com/definiciones/sector-retail.html#:~:text=El%20sector%20retail%2C%20o%20comercio,comerciantes%20de%20un%20determinado%20lugar.}}
}



# @article{ST_Art,
# author = {Corres, Guillermo and Esteban, Alejandra and García, Juan and # Zárate, Claudia},
# year = {2009},
# month = {01},
# pages = {},
# title = {ANÁLISIS DE SERIES TEMPORALES TIME SERIES ANALYSIS}
# }
# 
# @book{ST_LibroUbiqum,
# 	Author = {Hyndman, R.J., & Athanasopoulos, G},
# 	Edition = {2nd edition},
# 	Publisher = {OTexts: Melbourne, Australia},
# 	Title = {Forecasting: Principles and Practice},
# 	Year = {2018},
# 	 url = {http://OTexts.com/fpp2}
# }
# 



## Ejemplos


@book{Wickham2017,
	Author = {Hadley Wickham and Garrett Grolemund},
	Edition = {First Edition},
	Publisher = {O'Reilly},
	Title = {R for Data Science: Import, Tidy, Transform, Visualize, and Model Data},
	Year = {2017}
}

@ARTICLE {Example1999,
    author  = "Example, The",
    title   = "This is an exmaple article not cited in the text",
    journal = "Journal of Examples",
    year    = "1999",
    volume  = "4",
    number  = "2",
    pages   = "1-9"
}
@ARTICLE {Example2000,
    author  = "Example, Other",
    title   = "This is another exmaple article not cited in the text",
    journal = "Journal of Examples",
    year = "2000",
    volume  = "7",
    number  = "1",
    pages   = "28-32"
}
@ARTICLE {Author2016,
    author  = "Author, The",
    title   = "This is an example article with a very boring name",
    journal = "Journal of Examples",
    year = "2016",
    volume  = "9",
    number  = "2",
    pages   = "67-70"
}
@ARTICLE {Blabla2010,
    author  = "Blabla, Bla",
    title   = "It is raining outside",
    journal = "Journal of Examples",
    year = "2010",
    volume  = "4",
    number  = "1",
    pages   = "90-97"
}

@ARTICLE {Author2013,
    author  = "Author, Another",
    title   = "Another example article with a title",
    journal = "Journal of Examples",
    year = "2013",
    volume  = "2",
    number  = "1",
    pages   = "21-23"
}


@Manual{Pentaho2,
  title = {¿Qué es pentaho?},
  author = {Gravitar, Información sin límites},
  year = "2013",
  howpublished = {Disponible en \url{http://gravitar.biz/pentaho/}, version 1.6.0}
}

@Manual{RStudio, 
  title = {RStudio: Integrated Development Environment for R}, 
  author = {{RStudio Team}}, 
  organization = {RStudio, Inc.}, 
  address = {Boston, MA}, 
  year = {2015}, 
  url = {http://www.rstudio.com/}
}
