@Manual{R-AER,
  title = {AER: Applied Econometrics with R},
  author = {Christian Kleiber and Achim Zeileis},
  year = {2020},
  note = {R package version 1.2-9},
  url = {https://CRAN.R-project.org/package=AER},
}

@Manual{R-arules,
  title = {arules: Mining Association Rules and Frequent
    Itemsets},
  author = {Michael Hahsler and Christian Buchta and Bettina
    Gruen and Kurt Hornik},
  year = {2021},
  note = {R package version 1.6-8},
  url = {https://github.com/mhahsler/arules},
}

@Manual{R-arulesViz,
  title = {arulesViz: Visualizing Association Rules and
    Frequent Itemsets},
  author = {Michael Hahsler},
  year = {2021},
  note = {R package version 1.5-1},
  url = {https://github.com/mhahsler/arulesViz},
}

@Manual{R-caret,
  title = {caret: Classification and Regression Training},
  author = {Max Kuhn},
  year = {2021},
  note = {R package version 6.0-90},
  url = {https://github.com/topepo/caret/},
}

@Manual{R-corrplot,
  title = {corrplot: Visualization of a Correlation Matrix},
  author = {Taiyun Wei and Viliam Simko},
  year = {2017},
  note = {R package version 0.84},
  url = {https://github.com/taiyun/corrplot},
}

@Manual{R-dplyr,
  title = {dplyr: A Grammar of Data Manipulation},
  author = {Hadley Wickham and Romain François and Lionel
    Henry and Kirill Müller},
  year = {2021},
  note = {R package version 1.0.7},
  url = {https://CRAN.R-project.org/package=dplyr},
}

@Manual{R-forecast,
  title = {forecast: Forecasting Functions for Time Series
    and Linear Models},
  author = {Rob Hyndman and George Athanasopoulos and
    Christoph Bergmeir and Gabriel Caceres and Leanne Chhay
    and Mitchell O'Hara-Wild and Fotios Petropoulos and
    Slava Razbash and Earo Wang and Farah Yasmeen},
  year = {2022},
  note = {R package version 8.16},
  url = {https://CRAN.R-project.org/package=forecast},
}

@Manual{R-ggplot2,
  title = {ggplot2: Create Elegant Data Visualisations Using
    the Grammar of Graphics},
  author = {Hadley Wickham and Winston Chang and Lionel
    Henry and Thomas Lin Pedersen and Kohske Takahashi and
    Claus Wilke and Kara Woo and Hiroaki Yutani and Dewey
    Dunnington},
  year = {2021},
  note = {R package version 3.3.5},
  url = {https://CRAN.R-project.org/package=ggplot2},
}

@Manual{R-hrbrthemes,
  title = {hrbrthemes: Additional Themes, Theme Components
    and Utilities for ggplot2},
  author = {Bob Rudis},
  year = {2020},
  note = {R package version 0.8.0},
  url = {http://github.com/hrbrmstr/hrbrthemes},
}

@Manual{R-kableExtra,
  title = {kableExtra: Construct Complex Table with kable
    and Pipe Syntax},
  author = {Hao Zhu},
  year = {2021},
  note = {R package version 1.3.4},
  url = {https://CRAN.R-project.org/package=kableExtra},
}

@Manual{R-knitr,
  title = {knitr: A General-Purpose Package for Dynamic
    Report Generation in R},
  author = {Yihui Xie},
  year = {2021},
  note = {R package version 1.36},
  url = {https://yihui.org/knitr/},
}

@Manual{R-lubridate,
  title = {lubridate: Make Dealing with Dates a Little
    Easier},
  author = {Vitalie Spinu and Garrett Grolemund and Hadley
    Wickham},
  year = {2021},
  note = {R package version 1.8.0},
  url = {https://CRAN.R-project.org/package=lubridate},
}

@Manual{R-MASS,
  title = {MASS: Support Functions and Datasets for Venables
    and Ripley's MASS},
  author = {Brian Ripley},
  year = {2021},
  note = {R package version 7.3-54},
  url = {http://www.stats.ox.ac.uk/pub/MASS4/},
}

@Manual{R-Metrics,
  title = {Metrics: Evaluation Metrics for Machine
    Learning},
  author = {Ben Hamner and Michael Frasco},
  year = {2018},
  note = {R package version 0.1.4},
  url = {https://github.com/mfrasco/Metrics},
}

@Manual{R-plyr,
  title = {plyr: Tools for Splitting, Applying and Combining
    Data},
  author = {Hadley Wickham},
  year = {2022},
  note = {R package version 1.8.7},
  url = {https://CRAN.R-project.org/package=plyr},
}

@Manual{R-rmarkdown,
  title = {rmarkdown: Dynamic Documents for R},
  author = {JJ Allaire and Yihui Xie and Jonathan McPherson
    and Javier Luraschi and Kevin Ushey and Aron Atkins
    and Hadley Wickham and Joe Cheng and Winston Chang and
    Richard Iannone},
  year = {2021},
  note = {R package version 2.11},
  url = {https://CRAN.R-project.org/package=rmarkdown},
}

@Manual{R-tidyverse,
  title = {tidyverse: Easily Install and Load the
    Tidyverse},
  author = {Hadley Wickham},
  year = {2021},
  note = {R package version 1.3.1},
  url = {https://CRAN.R-project.org/package=tidyverse},
}

@Manual{R-TSA,
  title = {TSA: Time Series Analysis},
  author = {Kung-Sik Chan and Brian Ripley},
  year = {2020},
  note = {R package version 1.3},
  url = {https://stat.uiowa.edu/~kchan/TSA.htm},
}

@Manual{R-tseries,
  title = {tseries: Time Series Analysis and Computational
    Finance},
  author = {Adrian Trapletti and Kurt Hornik},
  year = {2021},
  note = {R package version 0.10-49},
  url = {https://CRAN.R-project.org/package=tseries},
}

@Book{AER2008,
  title = {Applied Econometrics with {R}},
  author = {Christian Kleiber and Achim Zeileis},
  year = {2008},
  publisher = {Springer-Verlag},
  address = {New York},
  note = {{ISBN} 978-0-387-77316-2},
  url = {https://CRAN.R-project.org/package=AER},
}

@Article{arules2005,
  title = {arules -- {A} Computational Environment for
    Mining Association Rules and Frequent Item Sets},
  author = {Michael Hahsler and Bettina Gruen and Kurt
    Hornik},
  year = {2005},
  journal = {Journal of Statistical Software},
  volume = {14},
  number = {15},
  pages = {1--25},
  doi = {10.18637/jss.v014.i15},
  month = {October},
  issn = {1548-7660},
}

@Article{arules2011,
  title = {The arules R-Package Ecosystem: Analyzing
    Interesting Patterns from Large Transaction Datasets},
  author = {Michael Hahsler and Sudheer Chelluboina and Kurt
    Hornik and Christian Buchta},
  year = {2011},
  journal = {Journal of Machine Learning Research},
  volume = {12},
  pages = {1977--1981},
  url = {https://jmlr.csail.mit.edu/papers/v12/
    hahsler11a.html},
}

@Article{arulesViz2017,
  title = {arules{V}iz: {I}nteractive Visualization of
    Association Rules with {R}},
  author = {Michael Hahsler},
  year = {2017},
  journal = {R Journal},
  volume = {9},
  number = {2},
  pages = {163--175},
  url = {https://journal.r-project.org/archive/2017/
    RJ-2017-047/RJ-2017-047.pdf},
  doi = {10.32614/RJ-2017-047},
  month = {December},
  issn = {2073-4859},
}

@Manual{corrplot2017,
  title = {R package "corrplot": Visualization of a
    Correlation Matrix},
  author = {Taiyun Wei and Viliam Simko},
  year = {2017},
  note = {(Version 0.84)},
  url = {https://github.com/taiyun/corrplot},
}

@Article{forecast2008,
  title = {Automatic time series forecasting: the forecast
    package for {R}},
  author = {Rob J Hyndman and Yeasmin Khandakar},
  journal = {Journal of Statistical Software},
  volume = {26},
  number = {3},
  pages = {1--22},
  year = {2008},
  doi = {10.18637/jss.v027.i03},
}

@Book{ggplot22016,
  author = {Hadley Wickham},
  title = {ggplot2: Elegant Graphics for Data Analysis},
  publisher = {Springer-Verlag New York},
  year = {2016},
  isbn = {978-3-319-24277-4},
  url = {https://ggplot2.tidyverse.org},
}

@Book{knitr2015,
  title = {Dynamic Documents with {R} and knitr},
  author = {Yihui Xie},
  publisher = {Chapman and Hall/CRC},
  address = {Boca Raton, Florida},
  year = {2015},
  edition = {2nd},
  note = {ISBN 978-1498716963},
  url = {https://yihui.org/knitr/},
}

@InCollection{knitr2014,
  booktitle = {Implementing Reproducible Computational
    Research},
  editor = {Victoria Stodden and Friedrich Leisch and Roger
    D. Peng},
  title = {knitr: A Comprehensive Tool for Reproducible
    Research in {R}},
  author = {Yihui Xie},
  publisher = {Chapman and Hall/CRC},
  year = {2014},
  note = {ISBN 978-1466561595},
  url = {http://www.crcpress.com/product/isbn/
    9781466561595},
}

@Article{lubridate2011,
  title = {Dates and Times Made Easy with {lubridate}},
  author = {Garrett Grolemund and Hadley Wickham},
  journal = {Journal of Statistical Software},
  year = {2011},
  volume = {40},
  number = {3},
  pages = {1--25},
  url = {https://www.jstatsoft.org/v40/i03/},
}

@Book{MASS2002,
  title = {Modern Applied Statistics with S},
  author = {W. N. Venables and B. D. Ripley},
  publisher = {Springer},
  edition = {Fourth},
  address = {New York},
  year = {2002},
  note = {ISBN 0-387-95457-0},
  url = {https://www.stats.ox.ac.uk/pub/MASS4/},
}

@Article{plyr2011,
  title = {The Split-Apply-Combine Strategy for Data
    Analysis},
  author = {Hadley Wickham},
  journal = {Journal of Statistical Software},
  year = {2011},
  volume = {40},
  number = {1},
  pages = {1--29},
  url = {https://www.jstatsoft.org/v40/i01/},
}

@Book{rmarkdown2018,
  title = {R Markdown: The Definitive Guide},
  author = {Yihui Xie and J.J. Allaire and Garrett
    Grolemund},
  publisher = {Chapman and Hall/CRC},
  address = {Boca Raton, Florida},
  year = {2018},
  note = {ISBN 9781138359338},
  url = {https://bookdown.org/yihui/rmarkdown},
}

@Book{rmarkdown2020,
  title = {R Markdown Cookbook},
  author = {Yihui Xie and Christophe Dervieux and Emily
    Riederer},
  publisher = {Chapman and Hall/CRC},
  address = {Boca Raton, Florida},
  year = {2020},
  note = {ISBN 9780367563837},
  url = {https://bookdown.org/yihui/rmarkdown-cookbook},
}

@Article{tidyverse2019,
  title = {Welcome to the {tidyverse}},
  author = {Hadley Wickham and Mara Averick and Jennifer
    Bryan and Winston Chang and Lucy D'Agostino McGowan and
    Romain François and Garrett Grolemund and Alex Hayes
    and Lionel Henry and Jim Hester and Max Kuhn and Thomas
    Lin Pedersen and Evan Miller and Stephan Milton Bache
    and Kirill Müller and Jeroen Ooms and David Robinson and
    Dana Paige Seidel and Vitalie Spinu and Kohske Takahashi
    and Davis Vaughan and Claus Wilke and Kara Woo and
    Hiroaki Yutani},
  year = {2019},
  journal = {Journal of Open Source Software},
  volume = {4},
  number = {43},
  pages = {1686},
  doi = {10.21105/joss.01686},
}

